


@Article{cars-art,
  author={Cowles M.K.},
  title={An R and S-PLUS Companion to Applied Regression},
  journal={The American Statistician},
  year=2003,
  volume={57},
  number={},
  pages={316-316},
  month={November},
  url={http://ideas.repec.org/a/bes/amstat/v57y2003mnovemberp316-316.html}
}



Ex 1.27 in Devore 6e:
@article{data:microdrill,
	journal={Journal of Engineering Manufacture},
	title = {Study on the Life Distribution of Microdrills},
	pages = {301--305},
	year = {2002}
}

Weibull lifetime data:

@book{data:reliabilityHandbook,
	author={Kececioglu, Dimitri}, 
	title={Reliability and Life Testing Handbook}, 
	publisher={Prentice Hall, Inc.},
	volumes={1 and 2},
	year={1993--1994}
}

muscle endurance and vitamin C (ozDASL; paired t; transformations)

@article{KeithMerrill:gripStrength,
  author={Keith, R. E. and Merrill, E.},
  year = 1983,
  title = {The effects of vitamin {C} on maximum grip strength 
	and muscular endurance},
  journal={Journal of Sports Medicine and Physical Fitness}, 
  volume=23, 
  pages={253--256}
}


@article{data:treadwear,
 author={R. D. Stichler and G. G. Richey and J. Mandel}, 
 title="Measurement of Treadware of Commercial Tires", 
 journal={Rubber Age}, 
 volume=73,
 number=2,
 month=May,
 year=1953
}


@article{citeulike:4069157,
	author = {<b style="color:black;background-color:#ffff66">Shiv</b>, Baba and <b style="color:black;background-color:#a0ffff">Fedorikhin</b>, Alexander},
	citeulike-article-id = {4069157},
	citeulike-linkout-0 = {http://dx.doi.org/10.1086/209563},
	citeulike-linkout-1 = {http://www.journals.uchicago.edu/doi/abs/10.1086/209563},
	day = {1},
	doi = {10.1086/209563},
	journal = {Journal of Consumer Research},
	keywords = {choice, decision, economics, making},
	month = {December},
	number = {3},
	pages = {278--292},
	posted-at = {2009-10-10 23:28:27},
	priority = {2},
	title = {Heart and Mind in Conflict: The Interplay of Affect and Cognition in Consumer Decision Making},
	url = {http://dx.doi.org/10.1086/209563},
	volume = {26},
	year = {1999}
}

